<?xml version="1.0" encoding="UTF-8"?><record xmlns="http://www.loc.gov/MARC21/slim" xmlns:cinclude="http://apache.org/cocoon/include/1.0" xmlns:zs="http://www.loc.gov/zing/srw/">
  <leader>00517cz  a2200133n  4500</leader>
  <controlfield tag="001">nr 88012128 </controlfield>
  <controlfield tag="003">DLC</controlfield>
  <controlfield tag="005">20141210065248.0</controlfield>
  <controlfield tag="008">881205n| azannaab           |a ana     c</controlfield>
  <datafield tag="010" ind1=" " ind2=" ">
    <subfield code="a">nr 88012128 </subfield>
  </datafield>
  <datafield tag="040" ind1=" " ind2=" ">
    <subfield code="a">NjP</subfield>
    <subfield code="b">eng</subfield>
    <subfield code="e">rda</subfield>
    <subfield code="c">NjP</subfield>
    <subfield code="d">DLC</subfield>
  </datafield>
  <datafield tag="110" ind1="2" ind2=" ">
    <subfield code="a">CSTAB (Organization)</subfield>
  </datafield>
  <datafield tag="410" ind1="2" ind2="0">
    <subfield code="a">Confederacioﾌ］ Sindical de Trabajadores Artesanos de Bolivia</subfield>
  </datafield>
  <datafield tag="670" ind1=" " ind2=" ">
    <subfield code="a">Anteproyecto de "Ley de regulacioﾌ］ y promocioﾌ］ de la actividad artesanal", 1987:</subfield>
    <subfield code="b">t.p. (CSTAB) p. 5 (Confederacioﾌ］ Sindical de Trabajadores Artesanos de Bolivia)</subfield>
  </datafield>
</record>